<?xml version="1.0" encoding="UTF-8"?><record xmlns="http://www.loc.gov/MARC21/slim" xmlns:cinclude="http://apache.org/cocoon/include/1.0" xmlns:zs="http://www.loc.gov/zing/srw/">
  <leader>00386nz  a2200121n  4500</leader>
  <controlfield tag="001">n  86809127 </controlfield>
  <controlfield tag="003">DLC</controlfield>
  <controlfield tag="005">19860508113511.3</controlfield>
  <controlfield tag="008">860224n| acannaab|          |n aad |||  </controlfield>
  <datafield tag="010" ind1=" " ind2=" ">
    <subfield code="a">n  86809127 </subfield>
  </datafield>
  <datafield tag="040" ind1=" " ind2=" ">
    <subfield code="a">DLC</subfield>
    <subfield code="c">DLC</subfield>
    <subfield code="d">DLC</subfield>
  </datafield>
  <datafield tag="100" ind1="1" ind2="0">
    <subfield code="a">DeCaro, James J.</subfield>
  </datafield>
  <datafield tag="670" ind1=" " ind2=" ">
    <subfield code="a">nuc86-16067: College &amp; career programs for deaf students, 1983</subfield>
    <subfield code="b">(hdg. on ICarbS rept.: DeCaro, James J.; usage: James J. DeCaro)</subfield>
  </datafield>
</record>